%% This BibTeX bibliography file was created using BibDesk.
%% http://bibdesk.sourceforge.net/


%% Created for Steve at 2013-02-20 16:52:09 -0800 


%% Saved with string encoding Unicode (UTF-8) 



@book{Gaisser:1990kx,
	Author = {Gaisser, T.K.},
	Date-Added = {2013-02-20 13:00:39 -0800},
	Date-Modified = {2013-02-20 13:00:39 -0800},
	Isbn = {9780521339315},
	Lccn = {gb90034465},
	Publisher = {Cambridge University Press},
	Title = {Cosmic Rays and Particle Physics},
	Url = {http://books.google.com/books?id=qJ7Z6oIMqeUC},
	Year = {1990},
	Bdsk-Url-1 = {http://books.google.com/books?id=qJ7Z6oIMqeUC}}

@article{Mei:2006qy,
	Author = {Mei, D.-M. and Hime, A.},
	Date-Added = {2013-02-15 15:28:34 -0800},
	Date-Modified = {2013-02-15 15:28:34 -0800},
	Doi = {10.1103/PhysRevD.73.053004},
	Issue = {5},
	Journal = {Phys. Rev. D},
	Month = {Mar},
	Numpages = {18},
	Pages = {053004},
	Publisher = {American Physical Society},
	Title = {Muon-induced background study for underground laboratories},
	Url = {http://link.aps.org/doi/10.1103/PhysRevD.73.053004},
	Volume = {73},
	Year = {2006},
	Bdsk-Url-1 = {http://link.aps.org/doi/10.1103/PhysRevD.73.053004},
	Bdsk-Url-2 = {http://dx.doi.org/10.1103/PhysRevD.73.053004}}

@book{Aprile:2006fk,
	Author = {Aprile, Elena and Bolotnikov, Aleksey E. and Bolozdynya, Alexander I. and Doke, Tadayoshi},
	Booktitle = {Noble Gas Detectors},
	Date-Added = {2012-11-07 13:43:01 -0800},
	Date-Modified = {2012-11-07 13:46:02 -0800},
	Doi = {10.1002/9783527610020},
	Isbn = {9783527610020},
	Publisher = {Wiley-VCH Verlag GmbH \& Co. KGaA},
	Title = {Elementary Processes Affecting Generation of Signals},
	Url = {http://dx.doi.org/10.1002/9783527610020},
	Year = {2006},
	Bdsk-Url-1 = {http://dx.doi.org/10.1002/9783527610020.},
	Bdsk-Url-2 = {http://dx.doi.org/10.1002/9783527610020}}

@article{Duda:1972:UHT:361237.361242,
	Acmid = {361242},
	Address = {New York, NY, USA},
	Author = {Duda, Richard O. and Hart, Peter E.},
	Date-Added = {2012-10-16 13:28:23 -0700},
	Date-Modified = {2012-10-16 13:28:23 -0700},
	Doi = {10.1145/361237.361242},
	Issn = {0001-0782},
	Issue_Date = {Jan. 1972},
	Journal = {Commun. ACM},
	Keywords = {Hough transformation, colinear points, curve detection, line detection, pattern recognition, picture processing, point-line transformation},
	Month = jan,
	Number = {1},
	Numpages = {5},
	Pages = {11--15},
	Publisher = {ACM},
	Title = {Use of the Hough transformation to detect lines and curves in pictures},
	Url = {http://doi.acm.org/10.1145/361237.361242},
	Volume = {15},
	Year = {1972},
	Bdsk-Url-1 = {http://doi.acm.org/10.1145/361237.361242},
	Bdsk-Url-2 = {http://dx.doi.org/10.1145/361237.361242}}

@article{Hough:1959fk,
	Author = {Hough, P.V.C. and},
	Date-Added = {2012-10-16 13:26:34 -0700},
	Date-Modified = {2012-10-16 13:26:39 -0700},
	Pages = {554-558},
	Slaccitation = {%%CITATION = INSPIRE-919922;%%},
	Title = {{Machine Analysis Of Bubble Chamber Pictures}},
	Year = {1959}}

@article{Esch:2004zj,
	Archiveprefix = {arXiv},
	Author = {Esch, Ernst-Ingo and Bowles, T.J. and Hime, A. and Pichlmaier, A. and Reifarth, R. and others},
	Date-Added = {2012-10-15 18:20:34 -0700},
	Date-Modified = {2012-10-15 18:20:34 -0700},
	Doi = {10.1016/j.nima.2004.09.005},
	Eprint = {astro-ph/0408486},
	Journal = {Nucl.Instrum.Meth.},
	Pages = {516-525},
	Primaryclass = {astro-ph},
	Slaccitation = {%%CITATION = ASTRO-PH/0408486;%%},
	Title = {{The Cosmic ray muon flux at WIPP}},
	Volume = {A538},
	Year = {2005},
	Bdsk-Url-1 = {http://dx.doi.org/10.1016/j.nima.2004.09.005}}

@inproceedings{1987ICRC....6..165C,
	Adsnote = {Provided by the SAO/NASA Astrophysics Data System},
	Adsurl = {http://adsabs.harvard.edu/abs/1987ICRC....6..165C},
	Author = {{Crouch}, M.},
	Booktitle = {International Cosmic Ray Conference},
	Date-Added = {2012-10-15 17:27:36 -0700},
	Date-Modified = {2012-10-15 17:27:36 -0700},
	Pages = {165},
	Series = {International Cosmic Ray Conference},
	Title = {{An Improved World Survey Expression for Cosmic Ray Vertical Intensity VS. Depth in Standard Rock}},
	Volume = 6,
	Year = 1987}

@article{Ambrosio:1995cx,
	Author = {Ambrosio, M. and others},
	Collaboration = {MACRO Collaboration.},
	Date-Added = {2012-10-15 17:25:59 -0700},
	Date-Modified = {2012-10-15 17:25:59 -0700},
	Doi = {10.1103/PhysRevD.52.3793},
	Journal = {Phys.Rev.},
	Pages = {3793-3802},
	Slaccitation = {%%CITATION = PHRVA,D52,3793;%%},
	Title = {{Vertical muon intensity measured with MACRO at the Gran Sasso Laboratory}},
	Volume = {D52},
	Year = {1995},
	Bdsk-Url-1 = {http://dx.doi.org/10.1103/PhysRevD.52.3793}}

@article{Abazajian:2011dt,
	Archiveprefix = {arXiv},
	Author = {Abazajian, K.N. and Calabrese, E. and Cooray, A. and De Bernardis, F. and Dodelson, S. and others},
	Date-Added = {2012-09-12 10:15:06 -0700},
	Date-Modified = {2012-09-12 10:15:06 -0700},
	Doi = {10.1016/j.astropartphys.2011.07.002},
	Eprint = {1103.5083},
	Journal = {Astropart.Phys.},
	Pages = {177-184},
	Primaryclass = {astro-ph.CO},
	Reportnumber = {FERMILAB-PUB-11-161-A-PPD-T},
	Slaccitation = {%%CITATION = ARXIV:1103.5083;%%},
	Title = {{Cosmological and Astrophysical Neutrino Mass Measurements}},
	Volume = {35},
	Year = {2011},
	Bdsk-Url-1 = {http://dx.doi.org/10.1016/j.astropartphys.2011.07.002}}

@article{Aseev:2011dq,
	Archiveprefix = {arXiv},
	Author = {Aseev, V.N. and others},
	Collaboration = {Troitsk Collaboration},
	Date-Added = {2012-09-12 10:12:58 -0700},
	Date-Modified = {2012-09-12 10:12:58 -0700},
	Doi = {10.1103/PhysRevD.84.112003},
	Eprint = {1108.5034},
	Journal = {Phys.Rev.},
	Pages = {112003},
	Primaryclass = {hep-ex},
	Slaccitation = {%%CITATION = ARXIV:1108.5034;%%},
	Title = {{An upper limit on electron antineutrino mass from Troitsk experiment}},
	Volume = {D84},
	Year = {2011},
	Bdsk-Url-1 = {http://dx.doi.org/10.1103/PhysRevD.84.112003}}

@article{Tortola:2012te,
	Archiveprefix = {arXiv},
	Author = {Forero, D.V. and Tortola, M. and Valle, J.W.F.},
	Date-Added = {2012-09-12 10:08:11 -0700},
	Date-Modified = {2012-09-12 10:08:11 -0700},
	Eprint = {1205.4018},
	Primaryclass = {hep-ph},
	Reportnumber = {IFIC-12-31},
	Slaccitation = {%%CITATION = ARXIV:1205.4018;%%},
	Title = {{Global status of neutrino oscillation parameters after Neutrino-2012}},
	Year = {2012}}

@article{KlapdorKleingrothaus:2006ff,
	Author = {Klapdor-Kleingrothaus, H.V. and Krivosheina, I.V.},
	Date-Added = {2012-09-10 14:41:03 -0700},
	Date-Modified = {2012-09-10 14:41:03 -0700},
	Doi = {10.1142/S0217732306020937},
	Journal = {Mod.Phys.Lett.},
	Pages = {1547-1566},
	Slaccitation = {%%CITATION = MPLAE,A21,1547;%%},
	Title = {{The evidence for the observation of 0nu beta beta decay: The identification of 0nu beta beta events from the full spectra}},
	Volume = {A21},
	Year = {2006},
	Bdsk-Url-1 = {http://dx.doi.org/10.1142/S0217732306020937}}

@article{Ackerman:2011gz,
	Archiveprefix = {arXiv},
	Author = {Ackerman, N. and others},
	Collaboration = {EXO-200 Collaboration},
	Date-Added = {2012-09-10 13:38:57 -0700},
	Date-Modified = {2012-09-10 13:42:19 -0700},
	Doi = {10.1103/PhysRevLett.107.212501},
	Eprint = {1108.4193},
	Journal = {Phys.Rev.Lett.},
	Pages = {212501},
	Primaryclass = {nucl-ex},
	Slaccitation = {%%CITATION = ARXIV:1108.4193;%%},
	Title = {{Observation of Two-Neutrino Double-Beta Decay in \(^{136}\)Xe with EXO-200}},
	Volume = {107},
	Year = {2011},
	Bdsk-Url-1 = {http://dx.doi.org/10.1103/PhysRevLett.107.212501}}

@article{Auger:2012gs,
	Archiveprefix = {arXiv},
	Author = {Auger, M. and others},
	Date-Added = {2012-09-10 10:55:27 -0700},
	Date-Modified = {2012-09-10 14:41:39 -0700},
	Doi = {10.1088/1748-0221/7/05/P05010},
	Eprint = {1202.2192},
	Journal = {JINST},
	Pages = {P05010},
	Primaryclass = {physics.ins-det},
	Slaccitation = {%%CITATION = ARXIV:1202.2192;%%},
	Title = {{The EXO-200 detector, part I: Detector design and construction}},
	Volume = {7},
	Year = {2012},
	Bdsk-Url-1 = {http://dx.doi.org/10.1088/1748-0221/7/05/P05010}}

@article{Auger:2012ar,
	Archiveprefix = {arXiv},
	Author = {Auger, M. and others},
	Collaboration = {EXO Collaboration},
	Date-Added = {2012-09-10 10:54:36 -0700},
	Date-Modified = {2012-09-10 10:54:36 -0700},
	Doi = {10.1103/PhysRevLett.109.032505},
	Eprint = {1205.5608},
	Journal = {Phys.Rev.Lett.},
	Pages = {032505},
	Primaryclass = {hep-ex},
	Slaccitation = {%%CITATION = ARXIV:1205.5608;%%},
	Title = {{Search for Neutrinoless Double-Beta Decay in $^{136}$Xe with EXO-200}},
	Volume = {109},
	Year = {2012},
	Bdsk-Url-1 = {http://dx.doi.org/10.1103/PhysRevLett.109.032505}}
